@inproceedings{NT,
  author    = {George Danezis and
               Lefteris Kokoris{-}Kogias and
               Alberto Sonnino and
               Alexander Spiegelman},
  editor    = {Y{\'{e}}rom{-}David Bromberg and
               Anne{-}Marie Kermarrec and
               Christos Kozyrakis},
  title     = {Narwhal and Tusk: a DAG-based mempool and efficient {BFT} consensus},
  booktitle = {EuroSys '22: Seventeenth European Conference on Computer Systems,
               Rennes, France, April 5 - 8, 2022},
  pages     = {34--50},
  publisher = {{ACM}},
  year      = {2022},
  url       = {https://doi.org/10.1145/3492321.3519594},
  doi       = {10.1145/3492321.3519594},
  timestamp = {Wed, 13 Apr 2022 13:48:01 +0200},
  biburl    = {https://dblp.org/rec/conf/eurosys/DanezisKSS22.bib},
  bibsource = {dblp computer science bibliography, https://dblp.org}
}

@inproceedings{RedBelly,

  author={Crain, Tyler and Natoli, Christopher and Gramoli, Vincent},

  booktitle={2021 IEEE Symposium on Security and Privacy (SP)}, 

  title={Red Belly: A Secure, Fair and Scalable Open Blockchain}, 

  year={2021},

  volume={},

  number={},

  pages={466-483},

  doi={10.1109/SP40001.2021.00087}
}
